@inproceedings{molina2013unifying,
	title={Unifying fuzzy controller for indoor environment quality},
	author={Molina-Solana, Miguel and Ros, Maria and Delgado, Miguel},
	booktitle={2013 Joint IFSA world congress and NAFIPS annual meeting (IFSA/NAFIPS)},
	pages={1080--1085},
	year={2013},
	organization={IEEE}
}

@misc{ComisiónEuropea2020, 
	author = {{Comisión Europea}}, 
	title = {La eficiencia energética de los edificios}, 
	year = {2020}, 
	url = {https://commission.europa.eu/system/files/2020-03/in_focus_energy_efficiency_in_buildings_es.pdf}
}

@article{vargas2005calidad,
	title={Calidad ambiental interior: bienestar, confort y salud},
	author={Vargas Marcos, Francisco and Gallego Pulgar{\'\i}n, Isabel},
	journal={Revista espa{\~n}ola de salud p{\'u}blica},
	volume={79},
	pages={243--251},
	year={2005},
	publisher={SciELO Public Health}
}

@article{klir1996fuzzy,
	title={Fuzzy sets and fuzzy logic: theory and applications},
	author={Klir, George J and Yuan, Bo},
	journal={Possibility Theory versus Probab. Theory},
	volume={32},
	number={2},
	pages={207--208},
	year={1996}
}

@phdthesis{peregrin2000integracion,
	title={Integraci{\'o}n de operadores de implicaci{\'o}n y m{\'e}todos de defuzzificaci{\'o}n en sistemas basados en reglas difusas: implementaci{\'o}n, an{\'a}lisis y caracterizaci{\'o}n},
	author={Peregr{\'\i}n Rubio, Antonio},
	year={2000},
	school={Universidad de Granada}
}

@article{alcala2003fuzzy,
	title={Fuzzy control of HVAC systems optimized by genetic algorithms},
	author={Alcal{\'a}, Rafael and Ben{\'\i}tez, Jose M and Casillas, Jorge and Cord{\'o}n, Oscar and P{\'e}rez, Ra{\'u}l},
	journal={Applied Intelligence},
	volume={18},
	pages={155--177},
	year={2003},
	publisher={Springer}
}

@article{jablonski2018fuzzy,
	title={Fuzzy inference system for the assessment of indoor environmental quality in a room},
	author={Jab{\l}o{\'n}ski, Karol and Grychowski, Tomasz},
	journal={Indoor and Built Environment},
	volume={27},
	number={10},
	pages={1415--1430},
	year={2018},
	publisher={SAGE Publications Sage UK: London, England}
}





